

% Bolles PRF
@article{bolles2019anomalous,
  title={Anomalous wave statistics induced by abrupt depth change},
  author={Bolles, C Tyler and Speer, Kevin and Moore, MNJ},
  journal={Physical Review Fluids},
  volume={4},
  number={1},
  pages={011801},
  year={2019},
  publisher={APS}
}

% Majda, Moore, Qi PNAS
@article{majda2019statistical,
  title={Statistical dynamical model to predict extreme events and anomalous features in shallow water waves with abrupt depth change},
  author={Majda, Andrew J and Moore, MNJ and Qi, Di},
  journal={Proceedings of the National Academy of Sciences},
  volume={116},
  number={10},
  pages={3982--3987},
  year={2019},
  publisher={National Acad Sciences}
}

% Abramov, Kovacic, Majda CPAM 2003
@article{abramov2003hamiltonian,
  title={Hamiltonian structure and statistically relevant conserved quantities for the truncated Burgers-Hopf equation},
  author={Abramov, Rafail V and Kova{\v{c}}i{\v{c}}, Gregor and Majda, Andrew J},
  journal={Communications on Pure and Applied Mathematics: A Journal Issued by the Courant Institute of Mathematical Sciences},
  volume={56},
  number={1},
  pages={1--46},
  year={2003},
  publisher={Wiley Online Library}
}







%----------------------% OLD FROM BOLLES ET AL %----------------------%

%----------------------% Main references %----------------------%
% Nat Haz 2011, KdV over bathymetry
@article{sergeeva2011nonlinear,
  title={Nonlinear random wave field in shallow water: variable {K}orteweg-de {V}ries framework},
  author={Sergeeva, A and Pelinovsky, E and Talipova, T},
  journal={Natural Hazards and Earth System Sciences},
  volume={11},
  number={2},
  pages={323--330},
  year={2011},
  publisher={Copernicus GmbH}
}
% POF 2012, Trulsen and Gramstad, Experiments with bathymetry
@article{trulsen2012laboratory,
  title={Laboratory evidence of freak waves provoked by non-uniform bathymetry},
  author={Trulsen, Karsten and Zeng, Huiming and Gramstad, Odin},
  journal={Physics of Fluids},
  volume={24},
  number={9},
  pages={097101},
  year={2012},
  publisher={AIP}
}
% POF 2014, Viotti
@article{viotti2014,
  title={Extreme waves induced by strong depth transitions: Fully nonlinear results},
  author={Viotti, Claudio and Dias, Fr{\'e}d{\'e}ric},
  journal={Physics of Fluids},
  volume={26},
  number={5},
  pages={051705},
  year={2014},
  publisher={AIP}
}
% POF 2013, Gramstad and Trulsen, shallow water
@article{gramstad2013freak,
  title={Freak waves in weakly nonlinear unidirectional wave trains over a sloping bottom in shallow water},
  author={Gramstad, O and Zeng, H and Trulsen, K and Pedersen, GK},
  journal={Physics of Fluids},
  volume={25},
  number={12},
  pages={122103},
  year={2013},
  publisher={AIP}
}
% New J Physics 2014, observe generalized gamma distribution in field data
@article{hadjihosseini2014stochastic,
  title={Stochastic analysis of ocean wave states with and without rogue waves},
  author={Hadjihosseini, A and Peinke, J and Hoffmann, NP},
  journal={New Journal of Physics},
  volume={16},
  number={5},
  pages={053037},
  year={2014},
  publisher={IOP Publishing}
}

% Viotti cites for Phillips law
@article{nazarenko2010statistics,
  title={Statistics of surface gravity wave turbulence in the space and time domains},
  author={Nazarenko, Sergey and Lukaschuk, Sergei and McLelland, Stuart and Denissenko, Petr},
  journal={Journal of Fluid Mechanics},
  volume={642},
  pages={395--420},
  year={2010},
  publisher={Cambridge University Press}
}
% Phillips original paper
@article{phillips1958equilibrium,
  title={The equilibrium range in the spectrum of wind-generated waves},
  author={Phillips, Owen M},
  journal={Journal of Fluid Mechanics},
  volume={4},
  number={4},
  pages={426--434},
  year={1958},
  publisher={Cambridge University Press}
}

%----------------------% Very useful %----------------------%
% PRL 2017, Wind-generated waves in annular flume
@article{toffoli2017wind,
  title={Wind generated rogue waves in an annular wave flume},
  author={Toffoli, A and Proment, D and Salman, H and Monbaliu, J and Frascoli, F and Dafilis, M and Stramignoni, E and Forza, R and Manfrin, M and Onorato, Miguel},
  journal={Physical Review Letters},
  volume={118},
  number={14},
  pages={144503},
  year={2017},
  publisher={APS}
}
% PRL 2010, Microwave study
@article{hohmann2010freak,
  title={Freak waves in the linear regime: A microwave study},
  author={H{\"o}hmann, R and Kuhl, U and St{\"o}ckmann, H-J and Kaplan, L and Heller, EJ},
  journal={Physical Review Letters},
  volume={104},
  number={9},
  pages={093901},
  year={2010},
  publisher={APS}
}
% Physics Today 2009
@article{garrett2009rogue,
  title={Rogue waves},
  author={Garrett, Chris and Gemmrich, Johannes},
  journal={Phys. Today},
  volume={62},
  number={6},
  pages={62},
  year={2009}
}
% Nature 2007, Optical rogue waves
@article{solli2007optical,
  title={Optical rogue waves},
  author={Solli, DR and Ropers, C and Koonath, P and Jalali, B},
  journal={Nature},
  volume={450},
  number={7172},
  pages={1054},
  year={2007},
  publisher={Nature Publishing Group}
}
% Euro Review 2003, Kharif, Physical Mechanisms
@article{kharif2003physical,
  title={Physical mechanisms of the rogue wave phenomenon},
  author={Kharif, Christian and Pelinovsky, Efim},
  journal={European Journal of Mechanics-B/Fluids},
  volume={22},
  number={6},
  pages={603--634},
  year={2003},
  publisher={Elsevier}
}
%  Nonlinearity 2011
@article{ying2011linear,
  title={Linear and nonlinear rogue wave statistics in the presence of random currents},
  author={Ying, LH and Zhuang, Z and Heller, EJ and Kaplan, L},
  journal={Nonlinearity},
  volume={24},
  number={11},
  pages={R67},
  year={2011},
  publisher={IOP Publishing}
}


%----------------------% Fairly useful %----------------------%
% JGR 2008, Gaussian seaway
@article{heller2008refraction,
  title={Refraction of a {G}aussian seaway},
  author={Heller, EJ and Kaplan, L and Dahlen, A},
  journal={Journal of Geophysical Research: Oceans},
  volume={113},
  number={C9},
  year={2008},
  publisher={Wiley Online Library}
}

% JFM 1998, Chance of freak waves at sea
@article{white1998chance,
  title={On the chance of freak waves at sea},
  author={White, Benjamin S and Fornberg, Bengt},
  journal={Journal of Fluid Mechanics},
  volume={355},
  pages={113--138},
  year={1998},
  publisher={Cambridge University Press}
}
% PRL 2011, Opposing current
@article{onorato2011triggering,
  title={Triggering rogue waves in opposing currents},
  author={Onorato, Miguel and Proment, Davide and Toffoli, Alessandro},
  journal={Physical Review Letters},
  volume={107},
  number={18},
  pages={184502},
  year={2011},
  publisher={APS}
}
% Adcock Taylor Review 2014
@article{adcock2014physics,
  title={The physics of anomalous (`rogue') ocean waves},
  author={Adcock, Thomas AA and Taylor, Paul H},
  journal={Reports on Progress in Physics},
  volume={77},
  number={10},
  pages={105901},
  year={2014},
  publisher={IOP Publishing}
}
% PRL 2011, Experiments show breather solutions
@article{chabchoub2011rogue,
  title={Rogue wave observation in a water wave tank},
  author={Chabchoub, A and Hoffmann, NP and Akhmediev, Nail},
  journal={Physical Review Letters},
  volume={106},
  number={20},
  pages={204502},
  year={2011},
  publisher={APS}
}
% PRL 2016, Breather solutions
@article{chabchoub2016tracking,
  title={Tracking breather dynamics in irregular sea state conditions},
  author={Chabchoub, Amin},
  journal={Physical Review Letters},
  volume={117},
  number={14},
  pages={144103},
  year={2016},
  publisher={APS}
}
% JFM 2015, opposing currents
@article{toffoli2015rogue,
  title={Rogue waves in opposing currents: an experimental study on deterministic and stochastic wave trains},
  author={Toffoli, A and Waseda, T and Houtani, H and Cavaleri, L and Greaves, D and Onorato, Miguel},
  journal={Journal of Fluid Mechanics},
  volume={769},
  pages={277--297},
  year={2015},
  publisher={Cambridge University Press}
}
% Scientific Reports 2016, with wind
@article{birkholz2016ocean,
  title={Ocean rogue waves and their phase space dynamics in the limit of a linear interference model},
  author={Birkholz, Simon and Br{\'e}e, Carsten and Veseli{\'c}, Ivan and Demircan, Ayhan and Steinmeyer, G{\"u}nter},
  journal={Scientific reports},
  volume={6},
  pages={35207},
  year={2016},
  publisher={Nature Publishing Group}
}
% 2005 Oceanography, Hawaii
@article{muller2005rogue,
  title={Rogue waves},
  author={M{\"u}ller, Peter and Garrett, Chris and Osborne, A},
  journal={Oceanography},
  volume={18},
  number={3},
  pages={66},
  year={2005}
}
% Dsythe review
@article{dysthe2008oceanic,
  title={Oceanic rogue waves},
  author={Dysthe, Kristian and Krogstad, Harald E and M{\"u}ller, Peter},
  journal={Annu. Rev. Fluid Mech.},
  volume={40},
  pages={287--310},
  year={2008},
  publisher={Annual Reviews}
}

% JGR 2008, stochastic model (NOT USED YET)
@article{janssen2008evolution,
  title={Evolution of ocean wave statistics in shallow water: Refraction and diffraction over seafloor topography},
  author={Janssen, TT and Herbers, THC and Battjes, JA},
  journal={Journal of Geophysical Research: Oceans},
  volume={113},
  number={C3},
  year={2008},
  publisher={Wiley Online Library}
}
% PRL 2015, predict rogue waves (NOT USED YET)
@article{birkholz2015predictability,
  title={Predictability of rogue events},
  author={Birkholz, Simon and Br{\'e}e, Carsten and Demircan, Ayhan and Steinmeyer, G{\"u}nter},
  journal={Physical Review Letters},
  volume={114},
  number={21},
  pages={213901},
  year={2015},
  publisher={APS}
}

%----------------------% Benjamin-Feir related %----------------------%
% Benjamin and Feir JFM 1967
@article{benjamin1967disintegration,
  title={The disintegration of wave trains on deep water Part 1. Theory},
  author={Benjamin, T Brooke and Feir, JE},
  journal={Journal of Fluid Mechanics},
  volume={27},
  number={03},
  pages={417--430},
  year={1967},
  publisher={Cambridge Univ Press}
}
% PRL 2001
@article{onorato2001freak,
  title={Freak waves in random oceanic sea states},
  author={Onorato, Miguel and Osborne, Alfred R and Serio, Marina and Bertone, Serena},
  journal={Physical Review Letters},
  volume={86},
  number={25},
  pages={5831},
  year={2001},
  publisher={APS}
}
% Viotti PRE 2013
@article{viotti2013emergence,
  title={Emergence of coherent wave groups in deep-water random sea},
  author={Viotti, Claudio and Dutykh, Denys and Dudley, John M and Dias, Fr{\'e}d{\'e}ric},
  journal={Physical Review E},
  volume={87},
  number={6},
  pages={063001},
  year={2013},
  publisher={APS}
}
% Sapsis Physica D 2014 (cite 37)
@article{cousins2014quantification,
  title={Quantification and prediction of extreme events in a one-dimensional nonlinear dispersive wave model},
  author={Cousins, Will and Sapsis, Themistoklis P},
  journal={Physica D: Nonlinear Phenomena},
  volume={280},
  pages={48--58},
  year={2014},
  publisher={Elsevier}
}
% Sapsis PRE 2015 (cite 20*)
@article{cousins2015unsteady,
  title={Unsteady evolution of localized unidirectional deep-water wave groups},
  author={Cousins, Will and Sapsis, Themistoklis P},
  journal={Physical Review E},
  volume={91},
  number={6},
  pages={063204},
  year={2015},
  publisher={APS}
}
% Sapsis JFM 2016 (cite 42)
@article{cousins2016reduced,
  title={Reduced-order precursors of rare events in unidirectional nonlinear water waves},
  author={Cousins, Will and Sapsis, Themistoklis P},
  journal={Journal of Fluid Mechanics},
  volume={790},
  pages={368--388},
  year={2016},
  publisher={Cambridge University Press}
}
% Sapsis JCP 2017 (cite 6*)
@article{farazmand2017reduced,
  title={Reduced-order prediction of rogue waves in two-dimensional deep-water waves},
  author={Farazmand, Mohammad and Sapsis, Themistoklis P},
  journal={Journal of Computational Physics},
  volume={340},
  pages={418--434},
  year={2017},
  publisher={Elsevier}
}



%----------------------% Turbulent dynamical systems %----------------------%
% Majda and Di Qi SIAM Review
@article{MajdaQiSIAM2018,
author = {Majda, A. and Qi, D.},
title = {Strategies for Reduced-Order Models for Predicting the Statistical Responses and Uncertainty Quantification in Complex Turbulent Dynamical Systems},
journal = {SIAM Review},
volume = {60},
number = {3},
pages = {491-549},
year = {2018},
doi = {10.1137/16M1104664},
URL = {https://doi.org/10.1137/16M1104664},
eprint = {https://doi.org/10.1137/16M1104664}
}
% Majda book on turbulent dynamical systems
@book{majda2016introduction,
  title={Introduction to turbulent dynamical systems in complex systems},
  author={Majda, Andrew J},
  year={2016},
  publisher={Springer}
}
% cited 22
@article{sapsis2013blending,
  title={Blending modified {G}aussian closure and non-{G}aussian reduced subspace methods for turbulent dynamical systems},
  author={Sapsis, Themistoklis P and Majda, Andrew J},
  journal={Journal of Nonlinear Science},
  volume={23},
  number={6},
  pages={1039--1071},
  year={2013},
  publisher={Springer}
}
% cited 40
@article{sapsis2013a,
  title={A statistically accurate modified quasilinear {G}aussian closure for uncertainty quantification in turbulent dynamical systems},
  author={Sapsis, Themistoklis P and Majda, Andrew J},
  journal={Physica D: Nonlinear Phenomena},
  volume={252},
  pages={34--45},
  year={2013},
  publisher={Elsevier}
}
% PNAS, cited 49
@article{sapsis2013b,
  title={Statistically accurate low-order models for uncertainty quantification in turbulent dynamical systems},
  author={Sapsis, Themistoklis P and Majda, Andrew J},
  journal={Proceedings of the National Academy of Sciences},
  volume={110},
  number={34},
  pages={13705--13710},
  year={2013},
  publisher={National Acad Sciences}
}
% cited 6
@article{chen2016filtering,
  title={Filtering nonlinear turbulent dynamical systems through conditional {G}aussian statistics},
  author={Chen, Nan and Majda, Andrew J},
  journal={Monthly Weather Review},
  volume={144},
  number={12},
  pages={4885--4917},
  year={2016}
}
% Giovani PRE 2017
@article{macedo2017universality,
  title={Universality classes of fluctuation dynamics in hierarchical complex systems},
  author={Mac{\^e}do, AMS and Gonz{\'a}lez, Iv{\'a}n R Roa and Salazar, DSP and Vasconcelos, GL},
  journal={Physical Review E},
  volume={95},
  number={3},
  pages={032315},
  year={2017},
  publisher={APS}
}

% Giovani PRE 2012 (not used)
@article{salazar2012multicanonical,
  title={Multicanonical distribution: Statistical equilibrium of multiscale systems},
  author={Salazar, Domingos SP and Vasconcelos, Giovani L},
  journal={Physical Review E},
  volume={86},
  number={5},
  pages={050103},
  year={2012},
  publisher={APS}
}


%----------------------% Misc %----------------------%
% JFM 2012
@article{camassa2012stratified,
  title={Stratified flows with vertical layering of density: experimental and theoretical study of flow configurations and their stability},
  author={Camassa, Roberto and McLaughlin, Richard M and Moore, Matthew NJ and Yu, Kuai},
  journal={Journal of Fluid Mechanics},
  volume={690},
  pages={571--606},
  year={2012},
  publisher={Cambridge University Press}
}
% Software used to measure magnitude of reflections
@article{landry2012wavear,
  title={WaveAR: A software tool for calculating parameters for water waves with incident and reflected components},
  author={Landry, Blake J and Hancock, Matthew J and Mei, Chiang C and Garc{\'\i}a, Marcelo H},
  journal={Computers \& geosciences},
  volume={46},
  pages={38--43},
  year={2012},
  publisher={Elsevier}
}
% Tyler's honors thesis
@book{TylerThesis,
  title={Water Waves Over a Step: Experiments, Simulations, and Freak Events},
  author={Bolles, C.~Tyler},
  year={2017},
  publisher={Florida State University},
  URL = {http://purl.flvc.org/fsu/fd/FSU_libsubv1_scholarship_submission_1493325467},
eprint =  {http://purl.flvc.org/fsu/fd/FSU_libsubv1_scholarship_submission_1493325467}
}

%----------------------% Gaussian random sea type references %----------------------%
%1. Lounget Higgens 1952
@article{longuet1952statisticaldistribution,
  title={On the statistical distribution of the height of sea waves},
  author={Longuet-Higgins, Michael S},
  journal={JMR},
  volume={11},
  pages={245--266},
  year={1952}
}
%2. Phillips 1993
@article{phillips1993expected,
  title={Expected structure of extreme waves in a {G}aussian sea. Part {I}: Theory and {SWADE} buoy measurements},
  author={Phillips, OM and Gu, Daifang and Donelan, Mark},
  journal={Journal of Physical Oceanography},
  volume={23},
  number={5},
  pages={992--1000},
  year={1993}
}
%3. dysthe2008oceanic
%4. Chris Garrett 2008
@article{gemmrich2008unexpected,
  title={Unexpected waves},
  author={Gemmrich, Johannes and Garrett, Chris},
  journal={Journal of Physical Oceanography},
  volume={38},
  number={10},
  pages={2330--2336},
  year={2008}
}


%----------------------% From Referee 1 %----------------------%
% Kharif wind
@article{kharif2008influence,
  title={Influence of wind on extreme wave events: experimental and numerical approaches},
  author={Kharif, Christian and Giovanangeli, J-P and Touboul, Julien and Grare, Laurent and Pelinovsky, Efim},
  journal={Journal of Fluid Mechanics},
  volume={594},
  pages={209--247},
  year={2008},
  publisher={Cambridge University Press}
}
% Pelinovsky 2000
@article{pelinovsky2000nonlinear,
  title={Nonlinear-dispersive mechanism of the freak wave formation in shallow water},
  author={Pelinovsky, Efim and Talipova, Tatiana and Kharif, Christian},
  journal={Physica D: Nonlinear Phenomena},
  volume={147},
  number={1-2},
  pages={83--94},
  year={2000},
  publisher={Elsevier}
}

%----------------------% From PRF Referee %----------------------%
% 0
@incollection{trulsen2018rogue,
  title={Rogue Waves in the Ocean, the Role of Modulational Instability, and Abrupt Changes of Environmental Conditions that Can Provoke Non Equilibrium Wave Dynamics},
  author={Trulsen, Karsten},
  booktitle={The Ocean in Motion},
  pages={239--247},
  year={2018},
  publisher={Springer}
}
% 4
@article{onorato2016twenty,
  title={Twenty years of progresses in oceanic rogue waves: the role played by weakly nonlinear models},
  author={Onorato, Miguel and Suret, Pierre},
  journal={Natural Hazards},
  volume={84},
  number={2},
  pages={541--548},
  year={2016},
  publisher={Springer}
}
% 33
@article{toffoli2007second,
  title={Second-order theory and setup in surface gravity waves: a comparison with experimental data},
  author={Toffoli, A and Monbaliu, J and Onorato, M and Osborne, AR and Babanin, AV and Bitner-Gregersen, E},
  journal={Journal of physical oceanography},
  volume={37},
  number={11},
  pages={2726--2739},
  year={2007}
}