
% Abramov, Kovacic, Majda CPAM 2003
@article{abramov2003hamiltonian,
  title={Hamiltonian structure and statistically relevant conserved quantities for the truncated Burgers-Hopf equation},
  author={Abramov, Rafail V and Kova{\v{c}}i{\v{c}}, Gregor and Majda, Andrew J},
  journal={Communications on Pure and Applied Mathematics: A Journal Issued by the Courant Institute of Mathematical Sciences},
  volume={56},
  number={1},
  pages={1--46},
  year={2003},
  publisher={Wiley Online Library}
}