%% This BibTeX bibliography file was created using BibDesk.
%% http://bibdesk.sourceforge.net/


%% Created for Di Qi at 2018-11-22 16:48:45 -0500 


%% Saved with string encoding Unicode (UTF-8) 



@article{thual2016simple,
	Author = {Thual, Sulian and Majda, Andrew J and Chen, Nan and Stechmann, Samuel N},
	Date-Added = {2018-11-21 10:54:32 -0500},
	Date-Modified = {2018-11-21 10:54:32 -0500},
	Journal = {Proceedings of the National Academy of Sciences},
	Number = {37},
	Pages = {10245--10250},
	Publisher = {National Acad Sciences},
	Title = {Simple stochastic model for El Ni{\~n}o with westerly wind bursts},
	Volume = {113},
	Year = {2016}}

@article{dematteis2018rogue,
	Author = {Dematteis, Giovanni and Grafke, Tobias and Vanden-Eijnden, Eric},
	Date-Added = {2018-11-21 10:49:08 -0500},
	Date-Modified = {2018-11-21 11:01:11 -0500},
	Journal = {Proceedings of the National Academy of Sciences},
	Number = {5},
	Pages = {855--860},
	Publisher = {National Acad Sciences},
	Title = {Rogue waves and large deviations in deep sea},
	Volume = {115},
	Year = {2018}}

@article{viotti2014extreme,
	Author = {Viotti, Claudio and Dias, Fr{\'e}d{\'e}ric},
	Date-Added = {2018-11-14 19:57:48 -0500},
	Date-Modified = {2018-11-14 19:57:48 -0500},
	Journal = {Physics of Fluids},
	Number = {5},
	Pages = {051705},
	Publisher = {AIP},
	Title = {Extreme waves induced by strong depth transitions: Fully nonlinear results},
	Volume = {26},
	Year = {2014}}

@article{trulsen2012laboratory,
	Author = {Trulsen, Karsten and Zeng, Huiming and Gramstad, Odin},
	Date-Added = {2018-11-14 19:57:08 -0500},
	Date-Modified = {2018-11-14 19:57:08 -0500},
	Journal = {Physics of Fluids},
	Number = {9},
	Pages = {097101},
	Publisher = {AIP},
	Title = {Laboratory evidence of freak waves provoked by non-uniform bathymetry},
	Volume = {24},
	Year = {2012}}

@article{sergeeva2011nonlinear,
	Author = {Sergeeva, A and Pelinovsky, E and Talipova, T},
	Date-Added = {2018-11-14 19:56:03 -0500},
	Date-Modified = {2018-11-15 11:50:48 -0500},
	Journal = {Natural Hazards and Earth System Sciences},
	Number = {2},
	Pages = {323--330},
	Publisher = {Copernicus GmbH},
	Title = {Nonlinear random wave field in shallow water: variable {K}orteweg-de {V}ries framework},
	Volume = {11},
	Year = {2011}}

@article{majda2015intermittency,
	Author = {Majda, Andrew J and Tong, Xin T},
	Date-Added = {2018-11-14 19:45:51 -0500},
	Date-Modified = {2018-11-22 16:48:45 -0500},
	Journal = {Nonlinearity},
	Number = {11},
	Pages = {4171--4208},
	Publisher = {IOP Publishing},
	Title = {Intermittency in turbulent diffusion models with a mean gradient},
	Volume = {28},
	Year = {2015}}

@article{qi2016predicting,
	Author = {Qi, Di and Majda, Andrew J},
	Date-Added = {2018-11-13 20:27:08 -0500},
	Date-Modified = {2018-11-13 20:27:08 -0500},
	Journal = {Communications in Mathematical Sciences},
	Number = {6},
	Pages = {1687--1722},
	Publisher = {International Press of Boston, Inc.},
	Title = {Predicting fat-tailed intermittent probability distributions in passive scalar turbulence with imperfect models through empirical information theory},
	Volume = {14},
	Year = {2016}}

@article{chen2018efficient,
	Author = {Chen, Nan and Majda, Andrew J},
	Date-Added = {2018-11-13 18:33:03 -0500},
	Date-Modified = {2018-11-15 11:48:32 -0500},
	Journal = {Journal of Computational Physics},
	Pages = {242--268},
	Publisher = {Elsevier},
	Title = {Efficient statistically accurate algorithms for the {F}okker--{P}lanck equation in large dimensions},
	Volume = {354},
	Year = {2018}}

@article{majda2012lessons,
	Author = {Majda, Andrew J and Branicki, Michal},
	Date-Added = {2018-11-13 16:03:42 -0500},
	Date-Modified = {2018-11-13 16:03:42 -0500},
	Journal = {Discrete \& Continuous Dynamical Systems-A},
	Number = {9},
	Pages = {3133--3221},
	Title = {Lessons in uncertainty quantification for turbulent dynamical systems},
	Volume = {32},
	Year = {2012}}

@article{onorato2001freak,
	Author = {Onorato, Miguel and Osborne, Alfred R and Serio, Marina and Bertone, Serena},
	Date-Added = {2018-11-13 13:23:14 -0500},
	Date-Modified = {2018-11-22 16:47:34 -0500},
	Journal = {Physical Review Letters},
	Number = {25},
	Pages = {5831--5834},
	Publisher = {APS},
	Title = {Freak waves in random oceanic sea states},
	Volume = {86},
	Year = {2001}}

@article{farazmand2017reduced,
	Author = {Farazmand, Mohammad and Sapsis, Themistoklis P},
	Date-Added = {2018-11-13 13:21:54 -0500},
	Date-Modified = {2018-11-13 13:21:54 -0500},
	Journal = {Journal of Computational Physics},
	Pages = {418--434},
	Publisher = {Elsevier},
	Title = {Reduced-order prediction of rogue waves in two-dimensional deep-water waves},
	Volume = {340},
	Year = {2017}}

@article{cousins2015unsteady,
	Author = {Cousins, Will and Sapsis, Themistoklis P},
	Date-Added = {2018-11-13 13:21:10 -0500},
	Date-Modified = {2018-11-13 13:21:10 -0500},
	Journal = {Physical Review E},
	Number = {6},
	Pages = {063204},
	Publisher = {APS},
	Title = {Unsteady evolution of localized unidirectional deep-water wave groups},
	Volume = {91},
	Year = {2015}}

@article{adcock2014physics,
	Author = {Adcock, Thomas A and Taylor, Paul H},
	Date-Added = {2018-11-13 13:20:18 -0500},
	Date-Modified = {2018-11-14 20:16:34 -0500},
	Journal = {Reports on Progress in Physics},
	Number = {10},
	Pages = {105901},
	Publisher = {IOP Publishing},
	Title = {The physics of anomalous (`rogue') ocean waves},
	Volume = {77},
	Year = {2014}}

@article{chen2017beating,
	Author = {Chen, Nan and Majda, Andrew J},
	Date-Added = {2018-11-13 13:09:18 -0500},
	Date-Modified = {2018-11-15 11:49:36 -0500},
	Journal = {Proceedings of the National Academy of Sciences},
	Number = {49},
	Pages = {12864--12869},
	Publisher = {National Acad Sciences},
	Title = {Beating the curse of dimension with accurate statistics for the {F}okker--{P}lanck equation in complex turbulent systems},
	Volume = {114},
	Year = {2017}}

@article{chen2018conditional,
	Author = {Chen, Nan and Majda, Andrew J},
	Date-Added = {2018-11-13 13:06:40 -0500},
	Date-Modified = {2018-11-15 11:55:40 -0500},
	Journal = {Entropy},
	Number = {7},
	Pages = {509},
	Publisher = {Multidisciplinary Digital Publishing Institute},
	Title = {Conditional {G}aussian Systems for Multiscale Nonlinear Stochastic Systems: Prediction, State Estimation and Uncertainty Quantification},
	Volume = {20},
	Year = {2018}}

@article{majda2018model,
	Author = {Majda, Andrew J and Chen, Nan},
	Date-Added = {2018-11-13 13:01:23 -0500},
	Date-Modified = {2018-11-15 11:55:06 -0500},
	Journal = {Entropy},
	Number = {9},
	Pages = {644},
	Publisher = {Multidisciplinary Digital Publishing Institute},
	Title = {Model error, information barriers, state estimation and prediction in complex multiscale systems},
	Volume = {20},
	Year = {2018}}

@article{majda2018simple,
	Author = {Majda, Andrew J and Tong, Xin T},
	Date-Added = {2018-11-13 13:00:43 -0500},
	Date-Modified = {2018-11-13 13:00:43 -0500},
	Journal = {arXiv preprint arXiv:1805.05615},
	Title = {Simple Nonlinear Models with Rigorous Extreme Events and Heavy Tails},
	Year = {2018}}

@article{qi2018predicting,
	Author = {Qi, Di and Majda, Andrew J},
	Date-Added = {2018-11-13 13:00:11 -0500},
	Date-Modified = {2018-11-13 13:00:11 -0500},
	Journal = {Communications in Mathematical Sciences},
	Number = {1},
	Pages = {17--51},
	Publisher = {INT PRESS BOSTON, INC PO BOX 43502, SOMERVILLE, MA 02143 USA},
	Title = {Predicting extreme events for passive scalar turbulence in two-layer baroclinic flows through reduced-order stochastic models},
	Volume = {16},
	Year = {2018}}

@article{mohamad2018sequential,
	Author = {Mohamad, Mustafa A and Sapsis, Themistoklis P},
	Date-Added = {2018-11-13 12:58:53 -0500},
	Date-Modified = {2018-11-14 19:43:11 -0500},
	Journal = {Proceedings of the National Academy of Sciences},
	Number = {44},
	Pages = {11138--11143},
	Title = {A sequential sampling strategy for extreme event statistics in nonlinear dynamical systems},
	Volume = {115},
	Year = {2018}}

@article{mclachlan1993symplectic,
	Author = {McLachlan, Robert},
	Date-Added = {2018-11-03 12:48:05 -0400},
	Date-Modified = {2018-11-03 12:48:05 -0400},
	Journal = {Numerische Mathematik},
	Number = {1},
	Pages = {465--492},
	Publisher = {Springer},
	Title = {Symplectic integration of Hamiltonian wave equations},
	Volume = {66},
	Year = {1993}}

@article{bolles2018anomalous,
	Author = {Bolles, C Tyler and Speer, Kevin and Moore, M N J},
	Date-Added = {2018-11-03 12:47:42 -0400},
	Date-Modified = {2018-11-15 11:52:42 -0500},
	Journal = {arXiv preprint arXiv:1808.07958},
	Title = {Anomalous wave statistics induced by abrupt depth change},
	Year = {2018}}

@book{johnson1997modern,
	Author = {Johnson, Robin Stanley},
	Date-Added = {2018-11-03 12:47:18 -0400},
	Date-Modified = {2018-11-03 12:47:18 -0400},
	Publisher = {Cambridge university press},
	Title = {A modern introduction to the mathematical theory of water waves},
	Volume = {19},
	Year = {1997}}

@book{majda2006nonlinear,
	Author = {Majda, Andrew and Wang, Xiaoming},
	Date-Added = {2018-11-03 12:43:25 -0400},
	Date-Modified = {2018-11-03 12:43:25 -0400},
	Publisher = {Cambridge University Press},
	Title = {Nonlinear dynamics and statistical theories for basic geophysical flows},
	Year = {2006}}

@article{bajars2013weakly,
	Author = {Bajars, J and Frank, JE and Leimkuhler, BJ},
	Date-Added = {2018-11-03 12:42:51 -0400},
	Date-Modified = {2018-11-22 16:44:28 -0500},
	Journal = {Nonlinearity},
	Number = {7},
	Pages = {1945--1973},
	Publisher = {IOP Publishing},
	Title = {Weakly coupled heat bath models for {G}ibbs-like invariant states in nonlinear wave equations},
	Volume = {26},
	Year = {2013}}

@article{abramov2003hamiltonian,
	Author = {Abramov, Rafail V and Kova{\v{c}}i{\v{c}}, Gregor and Majda, Andrew J},
	Date-Added = {2018-11-03 12:42:23 -0400},
	Date-Modified = {2018-11-15 11:53:48 -0500},
	Journal = {Communications on Pure and Applied Mathematics: A Journal Issued by the Courant Institute of Mathematical Sciences},
	Number = {1},
	Pages = {1--46},
	Publisher = {Wiley Online Library},
	Title = {Hamiltonian structure and statistically relevant conserved quantities for the truncated {B}urgers-{H}opf equation},
	Volume = {56},
	Year = {2003}}
